@article{Ricco2021,
	author = {Pierre Ricco and Martin Skote and Michael A. Leschziner},
	doi = {10.1016/j.paerosci.2021.100713},
	issn = {03760421},
	journal = {Progress in Aerospace Sciences},
	keywords = {Spanwise wall forcing,Turbulent drag reduction},
	month = {5},
	publisher = {Elsevier Ltd},
	title = {A review of turbulent skin-friction drag reduction by near-wall transverse forcing},
	volume = {123},
	year = {2021},
}
@article{Ricco2012,
	author = {Pierre Ricco and Claudio Ottonelli and Yosuke Hasegawa and Maurizio Quadrio},
	doi = {10.1017/jfm.2012.97},
	issn = {14697645},
	journal = {Journal of Fluid Mechanics},
	keywords = {drag reduction,turbulence control,turbulent boundary layers},
	month = {6},
	pages = {77-104},
	publisher = {Cambridge University Press},
	title = {Changes in turbulent dissipation in a channel flow with oscillating walls},
	volume = {700},
	year = {2012},
}
@article{Nguyen2021,
	author = {Vinh Tan Nguyen and Pierre Ricco and Gianluca Pironti},
	doi = {10.1017/jfm.2020.1124},
	issn = {14697645},
	journal = {Journal of Fluid Mechanics},
	keywords = {Drag reduction,Separated flows,Shear layers},
	publisher = {Cambridge University Press},
	title = {Separation drag reduction through a spanwise oscillating pressure gradient},
	volume = {912},
	year = {2021},
}
@article{Quadrio2009,
	author = {Maurizio Quadrio and Pierre Ricco and Claudio Viotti},
	doi = {10.1017/S0022112009006077},
	issn = {14697645},
	journal = {Journal of Fluid Mechanics},
	pages = {161-178},
	publisher = {Cambridge University Press},
	title = {Streamwise-travelling waves of spanwise wall velocity for turbulent drag reduction},
	volume = {627},
	year = {2009},
}
@article{Chandran2023,
	author = {D. Chandran and A. Zampiron and A. Rouhi and M. K. Fu and D. Wine and B. Holloway and A. J. Smits and I. Marusic},
	doi = {10.1017/jfm.2023.498},
	issn = {14697645},
	journal = {Journal of Fluid Mechanics},
	keywords = {boundary layer control,drag reduction,turbulent boundary layers},
	month = {7},
	publisher = {Cambridge University Press},
	title = {Turbulent drag reduction by spanwise wall forcing. Part 2. High-Reynolds-number experiments},
	volume = {968},
	year = {2023},
}
@article{Gatti2016,
	author = {Davide Gatti and Maurizio Quadrio},
	doi = {10.1017/jfm.2016.485},
	issn = {14697645},
	journal = {Journal of Fluid Mechanics},
	keywords = {Drag reduction,turbulence control},
	month = {9},
	pages = {553-582},
	publisher = {Cambridge University Press},
	title = {Reynolds-number dependence of turbulent skin-friction drag reduction induced by spanwise forcing},
	volume = {802},
	year = {2016},
}
@article{Viotti2009,
	author = {Claudio Viotti and Maurizio Quadrio and Paolo Luchini},
	doi = {10.1063/1.3266945},
	issn = {10706631},
	issue = {11},
	journal = {Physics of Fluids},
	pages = {1-9},
	publisher = {American Institute of Physics Inc.},
	title = {Streamwise oscillation of spanwise velocity at the wall of a channel for turbulent drag reduction},
	volume = {21},
	year = {2009},
}
@article{Deshpande2024,
	author = {Rahul Deshpande and Aman G. Kidanemariam and Ivan Marusic},
	doi = {10.1017/jfm.2023.1062},
	issn = {0022-1120},
	journal = {Journal of Fluid Mechanics},
	month = {1},
	publisher = {Cambridge University Press (CUP)},
	title = {Pressure drag reduction via imposition of spanwise wall oscillations on a rough wall},
	volume = {979},
	year = {2024},
}
@inproceedings{Akhavan1993,
	author = {R. Akhavan and W. Jung and N. Mangiavacchi},
	doi = {10.2514/6.1993-3282},
	journal = {AIAA 3rd Shear Flow Conference, 1993},
	publisher = {American Institute of Aeronautics and Astronautics Inc, AIAA},
	title = {Control of wall turbulence by high frequency spanwise oscillations},
	year = {1993},
}
@article{Auteri2010,
	author = {F. Auteri and A. Baron and M. Belan and G. Campanardi and M. Quadrio},
	doi = {10.1063/1.3491203},
	month = {8},
	title = {Experimental assessment of drag reduction by traveling waves in a turbulent pipe flow},
	journal = {Physics of Fluids},
	volume = {22},
	issue = {115103},
	url = {http://arxiv.org/abs/1008.2584 http://dx.doi.org/10.1063/1.3491203},
	year = {2010},
}
@article{Liebsch2021,
	author = {Juergen Liebsch and Christian Oliver Paschereit},
	doi = {10.3390/fluids6080279},
	issn = {23115521},
	issue = {8},
	journal = {Fluids},
	keywords = {Containment,Containment capability,Flow control,Flow visualization,Fluidic oscillator,Fume hood,Jet,Laboratory fume hood,Oscillating jet,PIV,Wall jet},
	month = {8},
	publisher = {MDPI AG},
	title = {Oscillating wall jets for active flow control in a laboratory fume hood—Experimental investigations},
	volume = {6},
	year = {2021},
}
@article{Marusic2021,
	author = {Ivan Marusic and Dileep Chandran and Amirreza Rouhi and Matt K. Fu and David Wine and Brian Holloway and Daniel Chung and Alexander J. Smits},
	doi = {10.1038/s41467-021-26128-8},
	issn = {20411723},
	issue = {1},
	journal = {Nature Communications},
	month = {12},
	pmid = {34608161},
	publisher = {Nature Research},
	title = {An energy-efficient pathway to turbulent drag reduction},
	volume = {12},
	year = {2021},
}
@misc{Airiau2016,
	author = {Christophe Airiau and Rudibert King and Bernd R Noack},
	title = {Open Invited Track : Flow Control Strategies And applications},
	year = {2016},
}
@article{Bell1979,
	author = {W.H. Bell},
	doi = {10.1016/0029-8018(79)90021-0},
	issn = {00298018},
	issue = {3},
	journal = {Ocean Engineering},
	month = {1},
	pages = {329-340},
	title = {The influence of turbulence on drag},
	volume = {6},
	year = {1979},
}
@article{Benzi2023,
	author = {Roberto Benzi and Federico Toschi},
	doi = {10.1016/j.physrep.2023.05.001},
	issn = {03701573},
	journal = {Physics Reports},
	month = {6},
	pages = {1-106},
	title = {Lectures on turbulence},
	volume = {1021},
	year = {2023},
}
@misc{Met_Officend, 
	title={Causes of climate change}, 
	url={https://www.metoffice.gov.uk/weather/climate-change/causes-of-climate-change},
	journal={Met Office}, 
	author={{Met Office}}
} 
@misc{Iea2023, 
	title={Tracking Clean Energy Progress 2023}, 
	url={https://www.iea.org/reports/tracking-clean-energy-progress-2023},
	journal={IEA},
	author={{IEA}}
}
@misc{IRENA2023, 
	title={{Investment Needs of USD 35 trillion by 2030 for Successful Energy Transition}}, 
	year = {2023},
	url={https://www.irena.org/News/pressreleases/2023/Mar/Investment-Needs-of-USD-35-trillion-by-2030-for-Successful-Energy-Transition},
	journal={IRENA}, 
	author={IRENA}
} 
@article{Abbas2017,
	author = {Adel Abbas and Gabriel Bugeda and Esteban Ferrer and Song Fu and Jacques Periaux and Jordi Pons-Prats and Eusebio Valero and Yao Zheng},
	doi = {10.1007/s11431-016-9013-6},
	issn = {18691900},
	issue = {9},
	journal = {Science China Technological Sciences},
	month = {9},
	pages = {1281-1290},
	publisher = {Springer Verlag},
	title = {Drag reduction via turbulent boundary layer flow control},
	volume = {60},
	year = {2017},
}
@book{Pope2000, 
	place={Cambridge}, 
	title={Turbulent Flows}, 
	publisher={Cambridge University Press}, author={Pope, Stephen B.}, 
	year={2000}
}
@article{Alberti2023,
	author = {Tommaso Alberti and Roberto Benzi and Vincenzo Carbone},
	doi = {10.1029/2023cn000215},
	issn = {2637-6989},
	issue = {1},
	journal = {Perspectives of Earth and Space Scientists},
	month = {12},
	publisher = {American Geophysical Union (AGU)},
	title = {Why (Still) Studying Turbulence in Fluids and Plasmas?},
	volume = {4},
	year = {2023},
}
@article{Chen2021,
	author = {Shengyu Chen and Shervin Sammak and Peyman Givi and Joseph P. Yurko1 and Xiaowei Jia},
	month = {9},
	title = {Reconstructing High-resolution Turbulent Flows Using Physics-Guided Neural Networks},
	url = {http://arxiv.org/abs/2109.03327},
	year = {2021},
}
@article{Hussain1986,
	author = {A. K. Fazle Hussain},
	doi = {10.1017/S0022112086001192},
	issn = {14697645},
	journal = {Journal of Fluid Mechanics},
	pages = {303-356},
	title = {Coherent structures and turbulence},
	volume = {173},
	year = {1986},
}
@article{Wang2015,
	author = {Yinshan Wang and Weixi Huang and Chunxiao Xu},
	doi = {10.1007/s10409-015-0415-8},
	issn = {05677718},
	issue = {2},
	journal = {Acta Mechanica Sinica/Lixue Xuebao},
	keywords = {Hairpin vortex,Streak transient growth,Streamwise vortex},
	month = {5},
	pages = {139-152},
	publisher = {Springer Verlag},
	title = {On hairpin vortex generation from near-wall streamwise vortices},
	volume = {31},
	year = {2015},
}
@misc{Tamas2019,
	author = {Tamás István Józsa},
	institution = {University of Edinburgh},
	title = {Drag Reduction by Passive In-Plane Wall Motions in Turbulent Wall-Bounded Flows[Ph.D Thesis]},
	year = {2019},
}
@article{Douglas2017,
	author = {Ellen Douglas  and Jennifer Jacobs  and Katharine Hayhoe  and Linda Silka  and Jo Daniel  and Mathias Collins  and Alice Alipour  and Bruce Anderson  and Charles Hebson  and Ellen Mecray  and Rajib Mallick  and Qingping Zou  and Paul Kirshen  and Heather Miller  and Jack Kartez  and Lee Friess  and Anne Stoner  and Erin Bell  and Charles Schwartz  and Natacha Thomas  and Steven Miller  and Britt Eckstrom  and Cameron Wake },
	title = {Progress and Challenges in Incorporating Climate Change Information into Transportation Research and Design},
	journal = {Journal of Infrastructure Systems},
	volume = {23},
	number = {4},
	pages = {04017018},
	year = {2017},
	doi = {10.1061/(ASCE)IS.1943-555X.0000377},
	URL = {https://ascelibrary.org/doi/abs/10.1061/%28ASCE%29IS.1943-555X.0000377},
	eprint = {https://ascelibrary.org/doi/pdf/10.1061/%28ASCE%29IS.1943-555X.0000377}
}
@misc{Jahamiri2010,
	author = {Mohsen Jahamiri},
	institution = {Chalmers University of Technology},
	title = {Active Flow Control: A Review},
	year = {2010},
}
@article{Duraisamy2019,
	author = {Karthik Duraisamy and Gianluca Iaccarino and Heng Xiao},
	doi = {10.1146/annurev-fluid-010518-040547},
	issn = {0066-4189},
	issue = {1},
	journal = {Annual Review of Fluid Mechanics},
	month = {1},
	pages = {357-377},
	title = {Turbulence Modeling in the Age of Data},
	volume = {51},
	year = {2019},
}
@misc{bush2020,
	author = {Robert H Bush and Tom Chyczewski and Karthik Duraisamy and Bernhard Eisfeld and Christopher L Rumsey and Brian R Smith},
	title = {Recommendations for Future Efforts in RANS Modeling and Simulation},
	year = {2020},
}
@article{Sidik2020,
	author = {Nor Azwadi Che Sidik and Siti Nurul Akmal Yusuf and Yutaka Asako and Saiful Bahri Mohamed and Wan Mohd Arif Aziz Japa},
	doi = {10.37934/cfdl.12.11.8396},
	issn = {21801363},
	issue = {11},
	journal = {CFD Letters},
	month = {11},
	pages = {83-96},
	title = {A Short Review on RANS Turbulence Models},
	volume = {12},
	year = {2020},
}
@article{Moin1998,
	author = {Parviz Moin and Krishnan Mahesh},
	doi = {10.1146/annurev.fluid.30.1.539},
	issn = {00664189},
	journal = {Annual Review of Fluid Mechanics},
	keywords = {Boundary layer structure,Computational fluid dynamics,Hot-wire anemometry,Numerical resolution,Shock waves,Turbulence modeling,Vorticity},
	pages = {539-578},
	publisher = {Annual Reviews Inc.},
	title = {Direct numerical simulation: A Tool in Turbulence Research},
	volume = {30},
	year = {1998},
}
@article{Bartholomew2020,
	author = {Paul Bartholomew and Georgios Deskos and Ricardo A.S. Frantz and Felipe N. Schuch and Eric Lamballais and Sylvain Laizet},
	doi = {10.1016/j.softx.2020.100550},
	issn = {23527110},
	journal = {SoftwareX},
	month = {7},
	publisher = {Elsevier B.V.},
	title = {Xcompact3D: An open-source framework for solving turbulence problems on a Cartesian mesh},
	volume = {12},
	year = {2020},
}
@inproceedings{Laizet2014,
	author = {Sylvain Laizet},
	editor = {T Kvamsdal},
	journal = {26th International Conference on Parallel Computational Fluid Dynamics},
	keywords = {CFD methodology,High Performance Computing,High order finite-difference schemes,Spectral methods,Turbulence},
	title = {INCOMPACT3D: A POWERFUL TOOL TO TACKLE TURBULENCE PROBLEMS ON SUPERCOMPUTERS},
	url = {http://www3.imperial.ac.uk/tmfc/people/sylvainlaizet/},
	year = {2014},
}
@article{Laizet2009,
	author = {Sylvain Laizet and Eric Lamballais},
	doi = {10.1016/j.jcp.2009.05.010},
	issn = {10902716},
	issue = {16},
	journal = {Journal of Computational Physics},
	keywords = {Compact schemes,Direct numerical simulation,Immersed boundary method,Incompressible flows,Spectral methods},
	month = {9},
	pages = {5989-6015},
	publisher = {Academic Press Inc.},
	title = {High-order compact schemes for incompressible flows: A simple and efficient method with quasi-spectral accuracy},
	volume = {228},
	year = {2009},
}
@article{Zhiyin2015,
	author = {Yang Zhiyin},
	doi = {10.1016/j.cja.2014.12.007},
	issn = {10009361},
	issue = {1},
	journal = {Chinese Journal of Aeronautics},
	month = {2},
	pages = {11-24},
	publisher = {Chinese Journal of Aeronautics},
	title = {Large-eddy simulation: Past, present and the future},
	volume = {28},
	year = {2015},
}
@article{Mason1994,
	author = {P.J. Mason},
	journal = {Quarterly Journal of Royal Meteorological Society},
	pages = {1-26},
	title = {Large-eddy simulation: A critical review of the technique},
	volume = {120},
	year = {1994},
}
@inbook{Trench2023,
	author = {{The TrEnCh Project}},
	journal = {Physical Processes in Ecosystems},
	publisher = {University of Washington},
	title = {Turbulence and Fluid Flow},
	year = {2023},
}
@article{Boschung2016,
	author = {Jonas Boschung and Fabian Hennig and Michael Gauding and Heinz Pitsch and Norbert Peters},
	doi = {10.1017/jfm.2016.172},
	issn = {14697645},
	journal = {Journal of Fluid Mechanics},
	keywords = {isotropic turbulence,turbulent flows},
	month = {5},
	pages = {233-251},
	publisher = {Cambridge University Press},
	title = {Generalised higher-order Kolmogorov scales},
	volume = {794},
	year = {2016},
}
@misc{Apsley2023,
	author = {David D. Apsley},
	title = {{Flow in Pipes and Channels [Lecture Notes]}},
	year = {2023},
	publisher = {University of Manchester},
	url = {https://personalpages.manchester.ac.uk/staff/david.d.apsley/lectures/hydraulics2/t2}
}
@article{Kallio2015,
	author = {Sirpa Kallio and Juho Peltola and Timo Niemi},
	doi = {10.1016/j.powtec.2015.01.029},
	issn = {1873328X},
	journal = {Powder Technology},
	month = {4},
	pages = {227-238},
	publisher = {Elsevier},
	title = {Analysis of the time-averaged gas-solid drag force based on data from transient 3D CFD simulations of fluidized beds},
	volume = {274},
	year = {2015},
}
@book{Sodja2007,
	author = {Jurij Sodja},
	publisher = {University of Ljubljana},
	title = {Turbulence Models in CFD},
	year = {2007},
}
@inproceedings{Makarashvili2016,
	author = {Vakhtang Makarashvili and Elia Merzari and Aleksandr Obabko and Paul Fischer and Andrew Siegel},
	city = {Washington},
	journal = {Proceedings of the ASME 2016 Fluids Engineering Division Summer Meeting},
	keywords = {FEDSM2016-7853},
	publisher = {ASME},
	title = {ACCELERATING THE HIGH-FIDELITY SIMULATION OF TURBULENCE: ENSEMBLE AVERAGING},
	url = {http://asmedigitalcollection.asme.org/FEDSM/proceedings-pdf/FEDSM2016/50299/V01BT26A003/2385220/v01bt26a003-fedsm2016-7853.pdf},
	year = {2016},
}
@misc{Tosi2021,
	author = {Riccardo Tosi},
	city = {Barcelona},
	institution = {Universitat Politecnica de Catalunya},
	month = {11},
	title = {Towards stochastic methods in CFD for engineering applications [Ph.D Thesis]},
	year = {2021},
}
@inbook{Yamamoto2024,
	author = {Yoshisha Yamamoto},
	journal = {Fundamentals of Noise Processes},
	publisher = {National Institute of Informatics},
	title = {Mathematical Methods},
	year = {2024},
}
@article{Galanti2004,
	author = {B. Galanti and A. Tsinober},
	doi = {10.1016/j.physleta.2004.07.009},
	issn = {03759601},
	issue = {3-4},
	journal = {Physics Letters, Section A: General, Atomic and Solid State Physics},
	month = {9},
	pages = {173-180},
	publisher = {Elsevier},
	title = {Is turbulence ergodic?},
	volume = {330},
	year = {2004},
}
@book{Garner1977,
	author = {Albert H. Garner},
	city = {New York},
	doi = {10.1007/978-1-4684-2322-8},
	edition = {1},
	editor = {Walter Frost and Trevor H. Moulden},
	journal = {Handbook of Turbulence},
	publisher = {Springer US},
	title = {Handbook of Turbulence},
	volume = {1},
	year = {1977},
}
@article{Sreenivasan1999,
	author = {Katepalli R Sreenivasan},
	issue = {2},
	journal = {Reviews of Modern Physics},
	pages = {383-395},
	title = {Fluid Turbulence},
	volume = {71},
	year = {1999},
}
@article{Fiedler1988,
	author = {H E Fiedler},
	journal = {Prog. Aerospace Sci.},
	pages = {231-269},
	title = {Coherent Structures in Turbulent Flows},
	volume = {25},
	year = {1988},
}
@article{Alfonsi2006,
	author = {Glancarlo Alfonsi},
	doi = {10.1115/1.2345370},
	issn = {00036900},
	issue = {1-6},
	journal = {Applied Mechanics Reviews},
	pages = {307-323},
	title = {Coherent structures of turbulence: Methods of eduction and results},
	volume = {59},
	year = {2006},
}
@article{Fan2023,
	title = {Spectral analysis of turbulence kinetic and internal energy budgets in hypersonic turbulent boundary layers},
	author = {Fan, Yitong and Li, Weipeng},
	journal = {Phys. Rev. Fluids},
	volume = {8},
	issue = {4},
	pages = {044604},
	numpages = {33},
	year = {2023},
	month = {4},
	publisher = {American Physical Society},
	doi = {10.1103/PhysRevFluids.8.044604},
	url = {https://link.aps.org/doi/10.1103/PhysRevFluids.8.044604}
}
@article{kalmar-Nagy2019,
	author = {Tamás Kalmár-Nagy and Bendegúz Dezső Bak},
	doi = {10.1007/s11071-018-04749-x},
	issn = {0924-090X},
	issue = {4},
	journal = {Nonlinear Dynamics},
	month = {3},
	pages = {3193-3203},
	title = {An intriguing analogy of Kolmogorov’s scaling law in a hierarchical mass–spring–damper model},
	volume = {95},
	year = {2019},
}
@inbook{Brennen2004,
	author = {Christopher Brennen},
	journal = {An Internet Book on Fluid Dynamics},
	publisher = {California Institute of Technology},
	title = {Turbulence Spectra and Scales},
	year = {2004},
}
@article{Gordiz2015,
	author = {Kiarash Gordiz and David J. Singh and Asegun Henry},
	doi = {10.1063/1.4906957},
	issn = {0021-8979},
	issue = {4},
	journal = {Journal of Applied Physics},
	month = {1},
	title = {Ensemble averaging vs. time averaging in molecular dynamics simulations of thermal conductivity},
	volume = {117},
	year = {2015},
}
@article{Jimenez1991, 
	title={The minimal flow unit in near-wall turbulence}, 
	volume={225}, 
	DOI={10.1017/S0022112091002033}, 
	journal={Journal of Fluid Mechanics}, author={Jiménez, Javier and Moin, Parviz}, year={1991}, 
	pages={213–240}
}
@unpublished{Daniel2017,
	author = {Carlos Diaz Daniel and Sylvain Laizet and J Christos Vassilicos},
	journal = {Physics of Fluids},
	title = {Wall shear stress fluctuations: mixed scaling and their effects on velocity fluctuations in a turbulent boundary layer},
	year = {2017},
}
@article{Lee2015,
	author = {Myoungkyu Lee and Robert D. Moser},
	doi = {10.1017/jfm.2015.268},
	issn = {0022-1120},
	journal = {Journal of Fluid Mechanics},
	month = {7},
	pages = {395-415},
	title = {Direct numerical simulation of turbulent channel flow up to},
	volume = {774},
	year = {2015},
}
@misc{NASA_Re,
	author = {NASA Glenn Research Center},
	title = {Reynolds Number},
	year = {2024},
	url = {https://www.grc.nasa.gov/www/k-12/airplane/reynolds.html}
}
@misc{Konoszy2023,
	author = {Laszlo Könözsy},
	title = {{Navier Stokes Hypothesis for Newtonian Viscous Fluids [Course Notes]}},
	year = {2023},
	note = {{Canvas Cranfield}}
}
@misc{Konoszy2024,
	author = {Laszlo Könözsy},
	title = {{Numerical Methods for Incompressible Flows [Course Notes]}},
	year = {2024},
	note = {{Canvas Cranfield}}
}
@misc{Laizet2024,
	author = {Sylvain Laizet},
	title = {{XCompact3d Introduction [Course Slide]}},
	year = {2024},
	note = {{Xcompact3d Course}}
}
@misc{Westra2002,
	author = {Douglas G Westra and Juan C Heinrich},
	title = {THE FRACTIONAL STEP METHOD APPLIED TO SIMULATIONS OF NATURAL CONVECTIVE FLOWS},
	year = {2002},
	publisher = {NASA}
}
@article{Durran1991,
	author = {Dale R. Durran},
	issue = {3},
	journal = {Monthly Weather Review},
	pages = {702-720},
	title = {The Third-Order Adams-Bashforth Method: An Attractive Alternative to Leapfrog Time Differencing},
	volume = {119},
	year = {1991},
}
@article{roache2009verification,
	author = {Roache, Patrick},
	title = {Verification and Validation in Computational Science and Engineering},
	journal = {Journal of Computational Physics},
	volume = {123},
	number = {4},
	pages = {567-589},
	year = {2009},
	publisher = {Springer}
}
@inbook{Yeoh2010,
	author = {Guan Heng Yeoh and Jiyuan Tu},
	doi = {10.1016/B978-0-08-046733-7.00003-5},
	journal = {Computational Techniques for Multiphase Flows},
	pages = {95-242},
	publisher = {Elsevier},
	title = {Solution Methods for Multi-Phase Flows},
	year = {2010},
}
@misc{ANSYS2020,
	author = {Ansys},
	city = {Canonsburg},
	institution = {ANSYS, Inc.},
	title = {{ANSYS Fluent Mosaic Technology Automatically Combines  Disparate Meshes with Polyhedral Elements for Fast, Accurate Flow Resolution [White Paper]}},
	year = {2020},
}
@incollection{TU2018125,
	title = {Chapter 4 - CFD Mesh Generation: A Practical Guideline},
	editor = {Jiyuan Tu and Guan-Heng Yeoh and Chaoqun Liu},
	booktitle = {Computational Fluid Dynamics (Third Edition)},
	publisher = {Butterworth-Heinemann},
	edition = {Third Edition},
	pages = {125-154},
	year = {2018},
	isbn = {978-0-08-101127-0},
	doi = {https://doi.org/10.1016/B978-0-08-101127-0.00004-0},
	url = {https://www.sciencedirect.com/science/article/pii/B9780081011270000040},
	author = {Jiyuan Tu and Guan-Heng Yeoh and Chaoqun Liu},
}
@article{Avital2000,
	author = {E. J. Avital and N. D. Sandham and K. H. Luo},
	doi = {10.1002/1097-0363(20000730)33:6<897::AID-FLD37>3.0.CO;2-4},
	issn = {02712091},
	issue = {6},
	journal = {International Journal for Numerical Methods in Fluids},
	keywords = {Incompressible Navier-Stokes equations,Poisson equation,Stretching function},
	month = {7},
	pages = {897-918},
	publisher = {John Wiley and Sons Ltd},
	title = {Stretched Cartesian grids for solution of the incompressible Navier-Stokes equations},
	volume = {33},
	year = {2000},
}
@article{Cain1984,
	author = {A.B Cain and J.H Ferziger and W.C Reynolds},
	doi = {10.1016/0021-9991(84)90096-2},
	issn = {00219991},
	issue = {2},
	journal = {Journal of Computational Physics},
	month = {11},
	pages = {272-286},
	title = {Discrete orthogonal function expansions for non-uniform grids using the fast fourier transform},
	volume = {56},
	year = {1984},
}
@misc{Laizet2024UserGuide,
	author = {Sylvain Laizet},
	title = {{INCOMPACT 3D USER GUIDE version2.0 [User Guide]}},
	year = {2024},
	url = {https://www.incompact3d.com/uploads/5/8/7/2/58724623/_user_guide_incompact3d_v2.pdf}
}
@article{Hawez2021,
	title = {A critical review on coupled geomechanics and fluid flow in naturally fractured reservoirs},
	journal = {Journal of Natural Gas Science and Engineering},
	volume = {95},
	pages = {104150},
	year = {2021},
	issn = {1875-5100},
	doi = {https://doi.org/10.1016/j.jngse.2021.104150},
	url = {https://www.sciencedirect.com/science/article/pii/S1875510021003516},
	author = {Haval Kukha Hawez and Reza Sanaee and Nadimul Haque Faisal},
}
@article{Zhou2008TurbulentDR,
	title={Turbulent Drag Reduction by Spanwise Wall Oscillations},
	author={Dan Zhou and Kenneth S. Ball},
	journal={International journal of engineering. Transactions A: basics},
	year={2008},
	volume={21},
	pages={85-104},
	url={https://api.semanticscholar.org/CorpusID:17940071}
}
@misc{Groves2012,
	author = {Curtis E. Groves and Marcel Ilie and Paul Schallhorn},
	institution = {NASA},
	title = {Comprehensive Approach to Verification and Validation of CFD Simulations Applied to Backward Facing Step - Application of CFD Uncertainty Analysis},
	year = {2012}
}

@article{vanKan1986,
	author = {van Kan, J.},
	title = {A Second-Order Accurate Pressure-Correction Scheme for Viscous Incompressible Flow},
	journal = {SIAM Journal on Scientific and Statistical Computing},
	volume = {7},
	number = {3},
	pages = {870-891},
	year = {1986},
	doi = {10.1137/0907059},
	url = {https://doi.org/10.1137/0907059},
	eprint = {https://doi.org/10.1137/0907059}
}

@misc{Cornell2024,
	title={Scaling [Virtual Workshop Note]},
	url={https://cvw.cac.cornell.edu/parallel/efficiency/scaling},
	journal={Parallel Programming Concepts and High Performance Computing},
	year ={2024},
	author={{Cornell University}}
}

@misc{Li2018,
	title={Scalability: Strong and Weak Scaling},
	url={https://www.kth.se/blogs/pdc/2018/11/scalability-strong-and-weak-scaling/},
	year ={2018},
	author={Xin Li}
}

@inproceedings{Amdahl1967,
	author = {Amdahl, Gene M.},
	title = {Validity of the single processor approach to achieving large scale computing capabilities},
	year = {1967},
	isbn = {9781450378956},
	publisher = {Association for Computing Machinery},
	address = {New York, NY, USA},
	url = {https://doi.org/10.1145/1465482.1465560},
	doi = {10.1145/1465482.1465560},
	booktitle = {Proceedings of the April 18-20, 1967, Spring Joint Computer Conference},
	pages = {483--485},
	numpages = {3},
	location = {Atlantic City, New Jersey},
	series = {AFIPS '67 (Spring)}
}

@article{Gustafson1988,
	author = {Gustafson, John L.},
	title = {Reevaluating Amdahl's law},
	year = {1988},
	issue_date = {May 1988},
	publisher = {Association for Computing Machinery},
	address = {New York, NY, USA},
	volume = {31},
	number = {5},
	issn = {0001-0782},
	url = {https://doi.org/10.1145/42411.42415},
	doi = {10.1145/42411.42415},
	journal = {Commun. ACM},
	month = {may},
	pages = {532--533},
	numpages = {2}
}

@misc{EPCC2024,
	title={ARCHER2 CU Calculator},
	url={https://www.archer2.ac.uk/support-access/cu-calc.html},
	year ={2024},
	author={{EPCC}}
}

@inproceedings{Li2010,
	author = {Ning Li and Sylvain Laizet},
	booktitle = {Cray User Group},
	pages = {1--13},
	title = {2DECOMPFFT - A Highly Scalable 2D Decomposition Library and FFT Interface},
	year = {2010}
}

@article{Lee_Moser_2015,
	title={Direct numerical simulation of turbulent channel flow up to $\mathit{Re}_{{\it\tau}}\approx 5200$},
	volume={774},
	doi={10.1017/jfm.2015.268},
	journal={Journal of Fluid Mechanics},
	author={Lee, Myoungkyu and Moser, Robert D.},
	year={2015},
	pages={395--415}
}
@book{Cengel2019,
	author = {Yunus A. Cengel and John M. Cimbala},
	edition = {4th},
	month = {1},
	publisher = {McGraw-Hill},
	title = {Fluid Mechanics: Fundamentals and Applications},
	year = {2019},
}












